@book{herlihy2011art,
  title={The art of multiprocessor programming},
  author={Herlihy, Maurice and Shavit, Nir},
  year={2011},
  publisher={Morgan Kaufmann}
}
@article{schone2012memory,
  title={Memory Performance at Reduced CPU Clock Speeds: An Analysis of Current x86\_64 Processors.},
  author={Sch{\"o}ne, Robert and Hackenberg, Daniel and Molka, Daniel}
}
@inproceedings{kataoka2015power,
  title={Power Consumption and Computation Models of a Server with a Multi-core CPU and Experiments},
  author={Kataoka, Hiroki and Duolikun, Dilawaer and Enokido, Tomoya and Takizawa, Makoto},
  booktitle={Advanced Information Networking and Applications Workshops (WAINA), 2015 IEEE 29th International Conference on},
  pages={217--222},
  year={2015},
  organization={IEEE}
}
@incollection{hoare1972towards,
  title={Towards a theory of parallel programming},
  author={Hoare, Charles Antony Richard},
  booktitle={The origin of concurrent programming},
  pages={231--244},
  year={1972},
  publisher={Springer}
}
@inproceedings{tallent2010analyzing,
  title={Analyzing lock contention in multithreaded applications},
  author={Tallent, Nathan R and Mellor-Crummey, John M and Porterfield, Allan},
  booktitle={ACM Sigplan Notices},
  volume={45},
  number={5},
  pages={269--280},
  year={2010},
  organization={ACM}
}
@article{michael1998nonblocking,
  title={Nonblocking algorithms and preemption-safe locking on multiprogrammed shared memory multiprocessors},
  author={Michael, Maged M and Scott, Michael L},
  journal={journal of parallel and distributed computing},
  volume={51},
  number={1},
  pages={1--26},
  year={1998},
  publisher={Elsevier}
}
@book{jones2003haskell,
  title={Haskell 98 language and libraries: the revised report},
  author={Jones, Simon Peyton},
  year={2003},
  publisher={Cambridge University Press}
}
@book{brown2007monadic,
  title={Monadic memoization mixins},
  author={Brown, Daniel and Cook, William R},
  year={2007},
  publisher={Computer Science Department, University of Texas at Austin}
}
@inproceedings{jones1996concurrent,
  title={Concurrent haskell},
  author={Jones, Simon Peyton and Gordon, Andrew and Finne, Sigbjorn},
  booktitle={POPL},
  volume={96},
  pages={295--308},
  year={1996}
}
@inproceedings{harris2005composable,
  title={Composable memory transactions},
  author={Harris, Tim and Marlow, Simon and Peyton-Jones, Simon and Herlihy, Maurice},
  booktitle={Proceedings of the tenth ACM SIGPLAN symposium on Principles and practice of parallel programming},
  pages={48--60},
  year={2005},
  organization={ACM}
}
@inproceedings{sulzmann2009comparing,
  title={Comparing the performance of concurrent linked-list implementations in Haskell},
  author={Sulzmann, Martin and Lam, Edmund SL and Marlow, Simon},
  booktitle={Proceedings of the 4th workshop on Declarative aspects of multicore programming},
  pages={37--46},
  year={2009},
  organization={ACM}
}
@inproceedings{vollmer2017sc,
  title={SC-Haskell: Sequential Consistency in Languages That Minimize Mutable Shared Heap},
  author={Vollmer, Michael and Scott, Ryan G and Musuvathi, Madanlal and Newton, Ryan R},
  booktitle={Proceedings of the 22nd ACM SIGPLAN Symposium on Principles and Practice of Parallel Programming},
  pages={283--298},
  year={2017},
  organization={ACM}
}
@inproceedings{valois1995lock,
  title={Lock-free linked lists using compare-and-swap},
  author={Valois, John D},
  booktitle={Proceedings of the fourteenth annual ACM symposium on Principles of distributed computing},
  pages={214--222},
  year={1995},
  organization={ACM}
}
@inproceedings{hudak2007history,
  title={A history of Haskell: being lazy with class},
  author={Hudak, Paul and Hughes, John and Peyton Jones, Simon and Wadler, Philip},
  booktitle={Proceedings of the third ACM SIGPLAN conference on History of programming languages},
  pages={12--1},
  year={2007},
  organization={ACM}
}
@inproceedings{lima2016haskell,
  title={Haskell in green land: Analyzing the energy behavior of a purely functional language},
  author={Lima, Lu{\'\i}s Gabriel and Soares-Neto, Francisco and Lieuthier, Paulo and Castor, Fernando and Melfe, Gilberto and Fernandes, Jo{\~a}o Paulo},
  booktitle={Software Analysis, Evolution, and Reengineering (SANER), 2016 IEEE 23rd International Conference on},
  volume={1},
  pages={517--528},
  year={2016},
  organization={IEEE}
}
@inproceedings{duarte2016concurrent,
  title={Concurrent Hash Tables for Haskell},
  author={Duarte, Rodrigo Medeiros and Du Bois, Andr{\'e} Rauber and Pilla, Mauricio L and Cavalheiro, Gerson GH and Reiser, Renata HS},
  booktitle={Brazilian Symposium on Programming Languages},
  pages={110--124},
  year={2016},
  organization={Springer}
}
@article{newton2011intel,
  title={Intel concurrent collections for haskell},
  author={Newton, Ryan and Chen, Chih-Ping and Marlow, Simon and others},
  year={2011}
}
@inproceedings{discolo2006lock,
  title={Lock free data structures using STM in Haskell},
  author={Discolo, Anthony and Harris, Tim and Marlow, Simon and Jones, Simon Peyton and Singh, Satnam},
  booktitle={International Symposium on Functional and Logic Programming},
  pages={65--80},
  year={2006},
  organization={Springer}
}
